

@MISC{ baranov2014, title={ROS 101: INTRO TO THE ROBOT OPERATING SYSTEM }, url={"https://www.clearpathrobotics.com/blog/2014/01/how-to-guide-ros-101/"}, journal={Clearpath Robotics}, author={Baranov, Ilia}, year={2014}, month={Jan}}
